<?xml version="1.0" encoding="UTF-8"?><collection xmlns="http://www.loc.gov/MARC21/slim"><record><leader>00455nam--2200121-i-4500</leader><controlfield tag="001">000043687</controlfield><controlfield tag="002">20161230</controlfield><controlfield tag="005">20161230201044</controlfield><controlfield tag="008">060222s1000------------r-----000-0-eng-d</controlfield><datafield ind1=" " ind2=" " tag="100"><subfield code="a">Taraboi,Vasile</subfield></datafield><datafield ind1=" " ind2=" " tag="245"><subfield code="a">Comunicarea in stiinta si tehnica. problema nationala urgenta si recomandari pentru solutionarea ei. rezumat al raportului comitetului pentru comunicarea in stiinta si tehnica al acad.nat......</subfield></datafield><datafield ind1=" " ind2=" " tag="260"><subfield code="a">Bucuresti, Idt, 1970. 32 P</subfield></datafield><datafield ind1=" " ind2=" " tag="852"><subfield code="a">33638</subfield></datafield></record></collection>